@inproceedings{etlpublication,
  author    = {Jakub Kl{\'{\i}}mek and
               Petr Skoda},
  editor    = {Maria Indrawan{-}Santiago and
               Matthias Steinbauer and
               Ivan Luiz Salvadori and
               Ismail Khalil and
               Gabriele Anderst{-}Kotsis},
  title     = {LinkedPipes {ETL} in use: practical publication and consumption of
               linked data},
  booktitle = {Proceedings of the 19th International Conference on Information Integration
               and Web-based Applications {\&} Services, iiWAS 2017, Salzburg,
               Austria, December 4-6, 2017},
  pages     = {441--445},
  publisher = {{ACM}},
  year      = {2017},
  url       = {https://doi.org/10.1145/3151759.3151809},
  doi       = {10.1145/3151759.3151809},
  timestamp = {Fri, 09 Apr 2021 18:41:58 +0200},
  biburl    = {https://dblp.org/rec/conf/iiwas/KlimekS17.bib},
  bibsource = {dblp computer science bibliography, https://dblp.org}
}

@misc{linkeddata,
  author       = "Tim Berners-Lee",
  title        = "Linked Data - Design Issues",
  howpublished = "[online]",
  url          = "https://www.w3.org/DesignIssues/LinkedData.html",
  note         = "[cit. 2020-12-06]"
}

@misc{etl,
  author       = "Petr Škoda and Jakub Klímek and Martin Nečaský",
  title        = "LinkedPipes ETL REST API",
  howpublished = "In: Github [online], GitHub Inc.",
  month        = oct,
  year         = 2017,
  url          = "https://github.com/linkedpipes/etl/wiki/LinkedPipes-ETL-REST-API",
  note         = "[cit. 2020-12-06]"
}

@misc{bootstrap,
  author       = "{Twitter, Inc.}",
  title        = "Bootstrap · The most popular HTML, CSS, and JS library in the world",
  howpublished = "[online]",
  url          = "https://getbootstrap.com/",
  note         = "[cit. 2020-12-06]"
}

@misc{fluentui,
  author       = {{Microsoft Corporation}},
  title        = "Microsoft Design - Android",
  howpublished = "[online]",
  url = "https://www.microsoft.com/design/fluent/##/android",
  note         = "[cit. 2020-12-06]"
}

@misc{androidbootstrap,
  author        = "Hen Bearded",
  title         = "Android-Bootstrap",
  howpublished  = "In: Github [online], GitHub Inc.",
  url           = "https://github.com/Bearded-Hen/Android-Bootstrap",
  month         = dec,
  year          = 2016,
  note          = "[cit. 2020-12-06]"
}

@misc{materialandroid,
  author        = "{Google LLC}",
  title         = "Develop - Android - Material Design",
  howpublished  = "[online]",
  url           = "https://material.io/develop/android",
  note          = "[cit. 2020-12-06]"
}

@misc{droidcon,
  author        = "Florina Muntenescu and Touchlab",
  title         = "A Journey Through MV Wonderland (updated)",
  howpublished  = "Youtube [video], Youtube LLC",
  url           = "https://youtu.be/QrbhPcbZv0I",
  month         = nov,
  year          = 2016,
  note          = "[cit. 2020-12-06]"
}

@misc{mvp,
  author        = "Peter Leijdekkers and {ANZ Coders}",
  title         = "Android MVP vs MVVM and the winner is",
  howpublished  = "Youtube [video], Youtube LLC",
  url           = "https://youtu.be/ugpC98LcNqA",
  month         = feb,
  year          = 2018,
  note          = "[cit. 2020-12-06]"
}

@misc{room,
  author        = "{Google LLC}",
  title         = "Save data in a local database using Room | Android Developers",
  howpublished  = "[online]",
  url           = "https://developer.android.com/training/data-storage/room",
  note          = "[cit. 2020-12-06]"
}

@misc{livedata,
  author        = "{Google LLC}",
  title         = "LiveData Overview | Android Developers",
  howpublished  = "[online]",
  url           = "https://developer.android.com/topic/libraries/architecture/livedata",
  note          = "[cit. 2021-04-10]"
}

@misc{retrofit,
  author        = "{Square, Inc.}",
  title         = "Retrofit",
  howpublished  = "[online]",
  url           = "https://square.github.io/retrofit",
  note          = "[cit. 2021-04-10]"
}

@misc{varvet,
  author        = "{Varvet}",
  title         = "Android QR Code Reader Made Easy — Varvet",
  howpublished  = "[online]",
  url           = "https://www.varvet.com/blog/android-qr-code-reader-made-easy",
  note          = "[cit. 2021-04-10]"
}

@misc{draggable,
  author        = "Muhammad Wahyudin",
  title         = "DraggableView",
  howpublished  = "In: Github [online], GitHub Inc.",
  url           = "https://github.com/hyuwah/DraggableView",
  month         = may,
  year          = 2020,
  note          = "[cit. 2021-04-10]"
}

@misc{realm,
  author        = "{MongoDB, Inc.}",
  title         = "Home | Realm.io",
  howpublished  = "[online]",
  url           = "https://realm.io",
  note          = "[cit. 2020-12-06]"
}

@misc{objectbox,
  author        = "{ObjectBox Ltd.}",
  title         = "ObjectBox - Edge Database for Mobile and IoT",
  howpublished  = "[online]",
  url           = "https://objectbox.io/",
  note          = "[cit. 2020-12-06]"
}

@misc{volley,
  author        = "{Google LLC}",
  title         = "Volley overview | Android Developers",
  howpublished  = "[online]",
  url           = "https://developer.android.com/training/volley",
  note          = "[cit. 2020-12-06]"
}

@misc{rxjava,
  author        = "{RxJava Contributors}",
  title         = "RxJava: Reactive Extensions for the JVM",
  howpublished  = "In: Github [online], GitHub Inc.",
  url           = "https://github.com/ReactiveX/RxJava",
  note          = "[cit. 2020-12-06]"
}

@misc{okhttp,
  author        = "{Square, Inc.}",
  title         = "OkHttp",
  howpublished  = "[online]",
  url           = "https://square.github.io/okhttp",
  note          = "[cit. 2020-12-06]"
}

@misc{androidjob,
  author        = "{Evernote Corporation}",
  title         = "Android-Job",
  howpublished  = "In: Github [online], GitHub Inc.",
  url           = "https://github.com/evernote/android-job",
  month         = oct,
  year          = 2019,
  note          = "[cit. 2020-12-06]"
}

@misc{workmanager,
  author        = "{Google LLC}",
  title         = "Schedule tasks with WorkManager | Android Developers",
  howpublished  = "[online]",
  url           = "https://developer.android.com/topic/libraries/architecture/workmanager",
  note          = "[cit. 2020-12-06]"
}

@misc{vision,
  author        = "{Google LLC}",
  title         = "Mobile Vision | Google Developers",
  howpublished  = "[online]",
  url           = "https://developers.google.com/vision",
  note          = "[cit. 2020-12-06]"
}

@misc{zxing,
  author        = "{ZXing authors}",
  title         = "ZXing",
  howpublished  = "In: Github [online], GitHub Inc.",
  year          = 2020,
  month         = sep,
  url           = "https://github.com/zxing/zxing",
  note          = "[cit. 2020-12-06]"
}

@misc{dokka,
  author        = "{JetBrains s.r.o. and Dokka project contributors}",
  title         = "Kotlin/dokka: Documentation Engine for Kotlin",
  howpublished  = "In: Github [online], GitHub Inc.",
  year          = 2018,
  month         = may,
  url           = "https://github.com/Kotlin/dokka",
  note          = "[cit. 2021-04-10]"
}

@misc{jacoco,
  author        = "{Gradle Inc.}",
  title         = "The JaCoCo Plugin",
  howpublished  = "[online]",
  url           = "https://docs.gradle.org/current/userguide/jacoco_plugin.html",
  note          = "[cit. 2021-04-10]"
}

@misc{navigationdrawer,
  author        = "{Google LLC}",
  title         = "Navigation drawer - Material Design",
  howpublished  = "[online]",
  url           = "https://material.io/components/navigation-drawer##usage",
  note          = "[cit. 2021-04-10]"
}

@misc{bottomnavigation,
  author        = "{Google LLC}",
  title         = "Bottom navigation - Material Design",
  howpublished  = "[online]",
  url           = "https://material.io/components/bottom-navigation##usage",
  note          = "[cit. 2021-04-10]"
}








@misc{TODO_CITE_LINK,
  author        = "{}",
  title         = "",
  howpublished  = "[online]",
  url           = "",
  note          = "[cit. 2021-04-10]"
}